<?xml version="1.0" encoding="UTF-8"?><collection xmlns="http://www.loc.gov/MARC21/slim"><record><leader>00708nam--2200193-u-4500</leader><controlfield tag="001">000053905</controlfield><controlfield tag="002">20161230</controlfield><controlfield tag="005">20161230201051</controlfield><controlfield tag="008">110630s1000------------r-----000-0-eng-d</controlfield><datafield ind1=" " ind2=" " tag="040"><subfield code="a">IFIN-HH</subfield></datafield><datafield ind1=" " ind2=" " tag="080"><subfield code="a">537.622(061.3)</subfield></datafield><datafield ind1="1" ind2=" " tag="100"><subfield code="a">Rautuszkiewicz, J</subfield></datafield><datafield ind1="1" ind2="0" tag="245"><subfield code="a">Physics of magnetic materials jadwisin '84(poland)</subfield><subfield code="b">Proceedings of the 2nd international conference on physics of magnetic materials jadwisin (poland), september 17-22, 1984 part 1 - invited papers</subfield><subfield code="c">J. rautuszkiewicz; h. szymaczakl; h.k. lachowicz (eds.)</subfield></datafield><datafield ind1=" " ind2=" " tag="260"><subfield code="a">Singapore</subfield><subfield code="b">World Scientific</subfield><subfield code="c">1985</subfield></datafield><datafield ind1=" " ind2=" " tag="300"><subfield code="a">580P</subfield></datafield><datafield ind1=" " ind2=" " tag="490"><subfield code="a">Proceedings</subfield></datafield><datafield ind1="1" ind2=" " tag="700"><subfield code="a">Lachowicz, H.K</subfield></datafield><datafield ind1=" " ind2=" " tag="852"><subfield code="a">79081</subfield><subfield code="c">537:538</subfield></datafield><datafield ind1=" " ind2=" " tag="CAT"><subfield code="a">Sys</subfield><subfield code="c">20110630</subfield><subfield code="h">160440</subfield></datafield></record></collection>